@phdthesis{ZhangThesis,
	author		= "Zhang, Tan",
	title		= "Building High-Performance Wireless Systems Through Dynamic Spectrum Access",
	school		= "University of Wisconsin-Madison",
	year		= "2016",
}

@inproceedings{VScope2,
 author = {Zhang, Tan and Leng, Ning and Banerjee, Suman},
 title = {A Vehicle-based Measurement Framework for Enhancing Whitespace Spectrum Databases},
 booktitle = {Proceedings of the 20th Annual International Conference on Mobile Computing and Networking},
 series = {MobiCom '14},
 year = {2014},
 isbn = {978-1-4503-2783-1},
 location = {Maui, Hawaii, USA},
 pages = {17--28},
 numpages = {12},
 url = {http://doi.acm.org/10.1145/2639108.2639114},
 doi = {10.1145/2639108.2639114},
 acmid = {2639114},
 publisher = {ACM},
 address = {New York, NY, USA},
 keywords = {channel quality, localization, propagation model, spectrum database, tv whitespaces, vehicular sensing},
}

@inproceedings{VScope,
 author = {Zhang, Tan and Banerjee, Suman},
 title = {Inaccurate Spectrum Databases?: Public Transit to Its Rescue!},
 booktitle = {Proceedings of the Twelfth ACM Workshop on Hot Topics in Networks},
 series = {HotNets-XII},
 year = {2013},
 isbn = {978-1-4503-2596-7},
 location = {College Park, Maryland},
 pages = {6:1--6:7},
 articleno = {6},
 numpages = {7},
 url = {http://doi.acm.org/10.1145/2535771.2535793},
 doi = {10.1145/2535771.2535793},
 acmid = {2535793},
 publisher = {ACM},
 address = {New York, NY, USA},
 keywords = {TV whitespaces, propagation model fitting, spectrum database, vehicular sensing},
} 

@inproceedings{QuickC,
 author = {Misra, Rakesh and Gudipati, Aditya and Katti, Sachin},
 title = {QuickC: Practical Sub-millisecond Transport for Small Cells},
 booktitle = {Proceedings of the 22Nd Annual International Conference on Mobile Computing and Networking},
 series = {MobiCom '16},
 year = {2016},
 isbn = {978-1-4503-4226-1},
 location = {New York City, New York},
 pages = {109--121},
 numpages = {13},
 url = {http://doi.acm.org/10.1145/2973750.2973773},
 doi = {10.1145/2973750.2973773},
 acmid = {2973773},
 publisher = {ACM},
 address = {New York, NY, USA},
 keywords = {CoMP, LTE, air interface, backhaul, concurrent transmission, coordinated multipoint, densification, interference management, small cell, sub-1ms coordination, successive interference cancellation, ultra low latency},
} 

@INPROCEEDINGS{SpectrumForCogRadio1, 
author={D. A. Roberson and C. S. Hood and J. L. LoCicero and J. T. MacDonald}, 
booktitle={Networking Technologies for Software Defined Radio Networks, 2006. SDR '06.1st IEEE Workshop on}, 
title={Spectral Occupancy and Interference Studies in support of Cognitive Radio Technology Deployment}, 
year={2006}, 
pages={26-35}, 
keywords={Cognitive radio;Computer science;FCC;Frequency;Interference;Laboratories;Paper technology;Radiofrequency identification;Space technology;Wireless networks;cognitive radio;interference;spectrum occupancy;wireless communications;wireless networks}, 
doi={10.1109/SDR.2006.4286323}, 
month={Sept},}

@inproceedings{ChicagoSpectrum,
 author = {McHenry, Mark A. and Tenhula, Peter A. and McCloskey, Dan and Roberson, Dennis A. and Hood, Cynthia S.},
 title = {Chicago Spectrum Occupancy Measurements \& Analysis and a Long-term Studies Proposal},
 booktitle = {Proceedings of the First International Workshop on Technology and Policy for Accessing Spectrum},
 series = {TAPAS '06},
 year = {2006},
 isbn = {1-59593-510-X},
 location = {Boston, Massachusetts, USA},
 articleno = {1},
 url = {http://doi.acm.org/10.1145/1234388.1234389},
 doi = {10.1145/1234388.1234389},
 acmid = {1234389},
 publisher = {ACM},
 address = {New York, NY, USA},
} 

@INPROCEEDINGS{ChicagoSpectrum2, 
author={T. M. Taher and R. B. Bacchus and K. J. Zdunek and D. A. Roberson}, 
booktitle={New Frontiers in Dynamic Spectrum Access Networks (DySPAN), 2011 IEEE Symposium on}, 
title={Long-term spectral occupancy findings in Chicago}, 
year={2011}, 
pages={100-107}, 
keywords={radio spectrum management;statistical analysis;subscriber loops;broadcast television transition;dynamic spectrum access network;first-order statistics;frequency 30 MHz to 1000 MHz;long-term spectral occupancy finding;regulatory decision-making;short term snapshot measurement;spectral occupancy estimation;spectrum modeling;spectrum planning;FCC;Frequency measurement;Global Positioning System;Observatories;TV;White spaces;Wireless communication;TV white space;dynamic spectrum access;spectrum management;spectrum occupancy;spectrum usage trends}, 
doi={10.1109/DYSPAN.2011.5936195}, 
month={May},}

@INPROCEEDINGS{SpectrumDynamics, 
author={T. Harrold and R. Cepeda and M. Beach}, 
booktitle={New Frontiers in Dynamic Spectrum Access Networks (DySPAN), 2011 IEEE Symposium on}, 
title={Long-term measurements of spectrum occupancy characteristics}, 
year={2011}, 
pages={83-89}, 
keywords={cellular radio;channel allocation;cognitive radio;radio spectrum management;cellular systems;cognitive radio;frequency 1 GHz to 1.2 GHz;frequency 300 GHz to 4.9 GHz;long-term measurements;occupancy duty cycle;spectrum allocation;spectrum holes identification;spectrum occupancy;wireless channel;Antenna measurements;Antennas;Frequency measurement;Gain;Noise;Position measurement;Sensors}, 
doi={10.1109/DYSPAN.2011.5936272}, 
month={May},}

@inproceedings{WiSee,
 author = {Zhang, Tan and Patro, Ashish and Leng, Ning and Banerjee, Suman},
 title = {A Wireless Spectrum Analyzer in Your Pocket},
 booktitle = {Proceedings of the 16th International Workshop on Mobile Computing Systems and Applications},
 series = {HotMobile '15},
 year = {2015},
 isbn = {978-1-4503-3391-7},
 location = {Santa Fe, New Mexico, USA},
 pages = {69--74},
 numpages = {6},
 url = {http://doi.acm.org/10.1145/2699343.2699353},
 doi = {10.1145/2699343.2699353},
 acmid = {2699353},
 publisher = {ACM},
 address = {New York, NY, USA},
 keywords = {crowdsourcing, smartphone, spectrum sensing, tv whitespaces},
} 

@misc{wiki:LTEBands,
   author = "Wikipedia",
   title = "Cellular frequencies in the {US} --- {W}ikipedia{,} The Free Encyclopedia",
   year = "2016",
   url = "\url{https://en.wikipedia.org/wiki/Cellular_frequencies_in_the_US}",
   note = "[Online; accessed 17-Oct-2016]"
 }

@misc{CTIA,
  title = {Cellular {T}elecommunications and {I}nternet {A}ssocition},
  howpublished = {\url{http://www.ctia.org/about-us/current-members}},
  note = {Accessed: 2016-10-17}
}

@misc{GoogleSpectrumDatabase,
  title = {Google {S}pectrum {D}atabase},
  howpublished = {\url{https://www.google.com/get/spectrumdatabase/}},
  note = {Accessed: 2016-10-18},
}

@misc{SpectrumBridge,
  title = {Spectrum {B}ridge {W}hitespace {D}atabase},
  howpublished = {\url{http://whitespaces.spectrumbridge.com/Main.aspx}},
  note = {Accessed: 2016-10-18},
}

@misc{MicrosoftWhitespaces,
  title = {Microsoft {W}hitespaces {D}atabase},
  howpublished = {\url{http://whitespaces.microsoftspectrum.com/}},
  note = {Accessed: 2016-10-18},
}


@Article{CandesRecht,
author="Cand{\`e}s, Emmanuel J.
and Recht, Benjamin",
title="Exact Matrix Completion via Convex Optimization",
journal="Foundations of Computational Mathematics",
year="2009",
volume="9",
number="6",
pages="717",
abstract="We consider a problem of considerable practical interest: the recovery of a data matrix from a sampling of its entries. Suppose that we observe m entries selected uniformly at random from a matrix M. Can we complete the matrix and recover the entries that we have not seen?",
issn="1615-3383",
doi="10.1007/s10208-009-9045-5",
url="http://dx.doi.org/10.1007/s10208-009-9045-5"
}


@article{SVThresholding,
author = {Jian-Feng Cai and Emmanuel J. Cand√®s and Zuowei Shen},
title = {A Singular Value Thresholding Algorithm for Matrix Completion},
journal = {SIAM Journal on Optimization},
volume = {20},
number = {4},
pages = {1956-1982},
year = {2010},
doi = {10.1137/080738970},
URL = { 
        http://dx.doi.org/10.1137/080738970
    
},
eprint = { 
        http://dx.doi.org/10.1137/080738970
    
}
}

@INPROCEEDINGS{RFModelsCity1, 
author={D. Green and Z. Yun and M. F. Iskander}, 
booktitle={2016 IEEE/ACES International Conference on Wireless Information Technology and Systems (ICWITS) and Applied Computational Electromagnetics (ACES)}, 
title={Propagation characteristics in urban environments}, 
year={2016}, 
pages={1-2}, 
keywords={MIMO communication;radiowave propagation;ray tracing;transmitting antennas;MIMO system;building effect;propagation characteristics;radio propagation model;ray tracing simulation;streets;terrain;transmitting antenna height;urban environment;Buildings;Computational modeling;Earth;Google;Ray tracing;Three-dimensional displays;Urban areas;radio propagation modeling;ray tracing;urban environment}, 
doi={10.1109/ROPACES.2016.7465342}, 
month={March},}
}

@inproceedings{RFModelsCity2,
 author = {Dhoutaut, Dominique and R{\'e}gis, Anthony and Spies, Fran\c{c}ois},
 title = {Integration of Physical Phenomena into an Experiment-based Propagation Model},
 booktitle = {Proceedings of the 3rd ACM International Workshop on Performance Evaluation of Wireless Ad Hoc, Sensor and Ubiquitous Networks},
 series = {PE-WASUN '06},
 year = {2006},
 isbn = {1-59593-487-1},
 location = {Terromolinos, Spain},
 pages = {98--105},
 numpages = {8},
 url = {http://doi.acm.org/10.1145/1163610.1163627},
 doi = {10.1145/1163610.1163627},
 acmid = {1163627},
 publisher = {ACM},
 address = {New York, NY, USA},
 keywords = {ad hoc networks, radio propagation model, simulation},
} 

@inproceedings{petrin2004measurement,
  title={Measurement and analysis of urban spectrum usage},
  author={Petrin, Allen and Steffes, Paul G},
  booktitle={Proc. Of the 2004 International Symposium on Advanced Radio Technologies NTIA Special Publication SP-04-409},
  pages={45--48},
  year={2004}
}

@INPROCEEDINGS{SpectrumIndia,
author={P. Kumar and N. Rakheja and A. Sarswat and H. Varshney and P. Bhatia and S. R. Goli and V. J. Ribeiro and M. Sharma}, 
booktitle={World of Wireless, Mobile and Multimedia Networks (WoWMoM), 2013 IEEE 14th International Symposium and Workshops on a}, 
title={White space detection and spectrum characterization in urban and rural India}, 
year={2013}, 
pages={1-6}, 
keywords={broadband networks;spectral analysers;television broadcasting;wireless LAN;New Delhi;RF Explorer;TV white spaces;Wi-Fi;broadband connectivity;broadband penetration;frequency 470 MHz to 698 MHz;hand-held spectrum analyzer;rural India;rural areas;signal propagation;spectrum characterization;spectrum measurement;subGHz bands;terrestrial TV bands;urban India;white space detection;Bandwidth;Noise;Radio frequency;TV;Time-frequency analysis;White spaces;Wireless communication}, 
doi={10.1109/WoWMoM.2013.6583462}, 
month={June},}


@incollection{Hogwild,
title = {Hogwild: A Lock-Free Approach to Parallelizing Stochastic Gradient Descent},
author = {Recht, Benjamin and Re, Christopher and Wright, Stephen and Feng Niu},
booktitle = {Advances in Neural Information Processing Systems 24},
editor = {J. Shawe-Taylor and R. S. Zemel and P. L. Bartlett and F. Pereira and K. Q. Weinberger},
pages = {693--701},
year = {2011},
publisher = {Curran Associates, Inc.},
url = {http://papers.nips.cc/paper/4390-hogwild-a-lock-free-approach-to-parallelizing-stochastic-gradient-descent.pdf}
}

@incollection{Cyclades,
   AUTHOR  = {Pan, Xinghao and Lam, Maximillian and Tu, Stephen and Papailliopoulos, Dimitris and Zhang, Ce and Jordan, Michael and Ramchandran, Kannan and Re, Chris and Recht, Benjamin},
   TITLE   = {{CYCLADES}: {C}onflict-free {A}synchronous {M}achine {L}earning},
   YEAR    = {2016 (to appear)},
   booktitle = {Advances in Neural Information Processing Systems},
}

@ARTICLE{SpectrumDataMining, 
author={S. Yin and D. Chen and Q. Zhang and M. Liu and S. Li}, 
journal={IEEE Transactions on Mobile Computing}, 
title={Mining Spectrum Usage Data: A Large-Scale Spectrum Measurement Study}, 
year={2012}, 
volume={11}, 
number={6}, 
pages={1033-1046}, 
keywords={spectral analysis;wireless channels;2D frequent pattern mining algorithm;China;Guangdong province;channel utilization;channel vacancy statistics;dynamic spectrum access;exponential-like distribution;frequency 20 MHz to 3 GHz;large-scale spectrum measurement;spatial correlations;spectral correlations;spectrum usage data mining;wireless service;Availability;Correlation;Data mining;Energy states;Thyristors;Time measurement;Wireless communication;FPM-2D;Spectrum measurement;channel vacancy duration;frequent pattern mining;service congestion rate;spatial correlation.;spectral correlation;spectrum usage prediction}, 
doi={10.1109/TMC.2011.128}, 
ISSN={1536-1233}, 
month={June},}
