@inproceedings{SPOCK,
author = {Klingensmith, Neil and Sridhar, Anantharaghavan and LaVallee, Zachary and Banerjee, Suman},
title = {SPOCK: A Sensor Value Prediction and Online Control Algorithm for Building Resource Management},
booktitle = {Proceedings of the 3rd ACM International Conference on Systems for Energy-Efficient Built Environments},
series = {BuildSys '16},
year = {2016},
isbn = {978-1-4503-4264-3},
location = {Palo Alto, CA, USA},
pages = {123--132},
numpages = {10},
url = {http://doi.acm.org/10.1145/2993422.2993584},
doi = {10.1145/2993422.2993584},
acmid = {2993584},
publisher = {ACM},
address = {New York, NY, USA},
keywords = {Building Automation, Forecasting, Smart Buildings, Water Treatment},
}

@misc{WhatIsWaterHardness,
title = {Explanation of Water Hardness},
howpublished = {\url{https://www.fcwa.org/water/hardness.htm}},
note = {Accessed: 01-11-2017},
}

@misc{SoftenedWaterBenefitsStudy,
title = {Softened Water: {B}enefits {S}tudy},
howpublished = {\url{http://www.wqa.org/Portals/0/WQRF/ResearchStudy_BenefitsOfSoftenedWater_ExecSummary.pdf}},
note = {Accessed: 01-11-2017},
}

@Article{PotentialHealthImpactsOfHardWater,
Author="Sengupta, P. ",
Title="{{P}otential health impacts of hard water}",
Journal="Int J Prev Med",
Year="2013",
Volume="4",
Number="8",
Pages="866--875",
Month="Aug"
}

@Article{WaterHardnessOnCardiovascularDisease,
Author="Momeni, M.  and Gharedaghi, Z.  and Amin, M. M.  and Poursafa, P.  and Mansourian, M. ",
Title="{{D}oes water hardness have preventive effect on cardiovascular disease?}",
Journal="Int J Prev Med",
Year="2014",
Volume="5",
Number="2",
Pages="159--163",
Month="Feb"
}

@inproceedings{AWESOME,
author = {Klingensmith, Neil and Sridhar, Anantharaghavan and LaVallee, Zachary and Banerjee, Suman},
title = {Water or Slime?: A Platform for Automating Water Treatment Systems},
booktitle = {Proceedings of the 2Nd ACM International Conference on Embedded Systems for Energy-Efficient Built Environments},
series = {BuildSys '15},
year = {2015},
isbn = {978-1-4503-3981-0},
location = {Seoul, South Korea},
pages = {75--84},
numpages = {10},
url = {http://doi.acm.org/10.1145/2821650.2821652},
doi = {10.1145/2821650.2821652},
acmid = {2821652},
publisher = {ACM},
address = {New York, NY, USA},
keywords = {building automation, sensor platforms, smart buildings, water treatment},
} 


@misc{NSFSoftener,
author = {National Science Foundation},
title = {Today's Water Softeners},
howpublished = {\url{http://standards.nsf.org/apps/group_public/download.php/9248/Softener\%20Facts\%204-2010\%5B1\%5D.pdf}},
note = {Accessed: 01-13-2017},
}


@book{oppenheim2010discrete,
title={Discrete-time signal processing},
author={Oppenheim, Alan V and Schafer, Ronald W},
year={2010},
publisher={Pearson Higher Education}
}

@INPROCEEDINGS{TEDLIUMCorpus,
author = {Anthony Rousseau and Paul Deléglise and Yannick Estève},
title = {Enhancing the TED-LIUM corpus with selected data for language modeling and more TED talks},
booktitle = {In Proc. LREC},
year = {2014},
pages = {26--31}
}


@inproceedings{smallfootprintkeywordspotting,
title={Small-footprint keyword spotting using deep neural networks},
author={Chen, Guoguo and Parada, Carolina and Heigold, Georg},
booktitle={2014 IEEE International Conference on Acoustics, Speech and Signal Processing (ICASSP)},
pages={4087--4091},
year={2014},
organization={IEEE}
}


@inproceedings{cnnkeywordspotting,
title={Convolutional neural networks for small-footprint keyword spotting},
author={Sainath, T and Parada, Carolina},
booktitle={Proc. Interspeech},
year={2015}
}


@article{chen2015locallyconnected,
title={Locallyconnected and convolutional neural networks for small footprint speaker recognition},
author={Chen, Yu-hsin and Lopez-Moreno, Ignacio and Sainath, T and Visontai, Mirk{\'o} and Alvarez, Raziel and Parada, Carolina},
journal={Interspeech, Dresden, Germany},
year={2015}
}


@article{chen2014low,
title={Low Resource Keyword Spotting},
author={Chen, Guoguo},
journal={Department of Electrical and Computer Engineering Johns Hopkins University Baltimore, Maryland},
year={2014}
}

@misc{cnn_modular,
title = {{C}onv {N}ets: A Modular Perspective},
author = {Olah, Chris},
howpublished = {\url{http://colah.github.io/posts/2014-07-Conv-Nets-Modular/}},
note = {Accessed: 01-14-2017}
}

@misc{AndroidSensorHub,
title = {Android Sensor Hub},
howpublished = {\url{https://source.android.com/devices/sensors/sensor-stack.html}},
note = {Accessed: 01-15-2017}
}

@misc{NutsAndBoltsOfDL,
title = {Nuts and Bolts of Applying Deep Learning},
howpublished = {\url{https://kevinzakka.github.io/2016/09/26/applying-deep-learning/}},
note = {Accessed: 01-15-2017}
}

@misc{mturk,
title = {Amazon Mechanical Turk},
howpublished = {\url{https://www.mturk.com/mturk/welcome}},
note = {Accessed: 01-15-2017}
}

@misc{alwaysListening,
title = {Alexa and Google Home Record What you say. {B}ut what happens to the data?},
howpublished = {\url{https://www.wired.com/2016/12/alexa-and-google-record-your-voice/}},
note = {Accessed: 01-15-2017}
}
